[gd_scene load_steps=18 format=2]

[ext_resource path="res://scripts/Title.gd" type="Script" id=1]
[ext_resource path="res://assets/sprites/glacial_mountains.png" type="Texture" id=2]
[ext_resource path="res://assets/fonts/Treasure Island.TTF" type="DynamicFontData" id=3]
[ext_resource path="res://resources/stylebox_white_outline.tres" type="StyleBox" id=4]
[ext_resource path="res://assets/audio/Tracks/mainmenu.ogg" type="AudioStream" id=5]

[sub_resource type="Animation" id=1]

resource_name = "intro"
length = 5.0
loop = false
step = 0.1
tracks/0/type = "value"
tracks/0/path = NodePath(".:rect_position")
tracks/0/interp = 2
tracks/0/loop_wrap = false
tracks/0/imported = false
tracks/0/enabled = true
tracks/0/keys = {
"times": PoolRealArray( 0, 3 ),
"transitions": PoolRealArray( 0.463649, 1 ),
"update": 0,
"values": [ Vector2( -288, 0 ), Vector2( 0, 0 ) ]
}
tracks/1/type = "value"
tracks/1/path = NodePath(".:modulate")
tracks/1/interp = 1
tracks/1/loop_wrap = true
tracks/1/imported = false
tracks/1/enabled = true
tracks/1/keys = {
"times": PoolRealArray( 0, 1 ),
"transitions": PoolRealArray( 1, 1 ),
"update": 0,
"values": [ Color( 0, 0.00598145, 0.0546875, 1 ), Color( 0.772549, 0.772549, 0.772549, 1 ) ]
}
tracks/2/type = "value"
tracks/2/path = NodePath("../TitleText:rect_position")
tracks/2/interp = 1
tracks/2/loop_wrap = true
tracks/2/imported = false
tracks/2/enabled = true
tracks/2/keys = {
"times": PoolRealArray( 0, 0.8, 1.8 ),
"transitions": PoolRealArray( 1, 0.434671, 1 ),
"update": 0,
"values": [ Vector2( 0, -66 ), Vector2( 0, -66 ), Vector2( 0, 82 ) ]
}
tracks/3/type = "value"
tracks/3/path = NodePath("../Actions:modulate")
tracks/3/interp = 1
tracks/3/loop_wrap = true
tracks/3/imported = false
tracks/3/enabled = true
tracks/3/keys = {
"times": PoolRealArray( 0, 1.3, 1.7 ),
"transitions": PoolRealArray( 1, 1, 1 ),
"update": 0,
"values": [ Color( 1, 1, 1, 0 ), Color( 1, 1, 1, 0 ), Color( 1, 1, 1, 1 ) ]
}

[sub_resource type="DynamicFont" id=2]

size = 48
use_mipmaps = false
use_filter = false
font_data = ExtResource( 3 )
_sections_unfolded = [ "Settings" ]

[sub_resource type="StyleBoxEmpty" id=3]

content_margin_left = -1.0
content_margin_right = -1.0
content_margin_top = -1.0
content_margin_bottom = -1.0

[sub_resource type="StyleBoxEmpty" id=4]

content_margin_left = -1.0
content_margin_right = -1.0
content_margin_top = -1.0
content_margin_bottom = -1.0

[sub_resource type="StyleBoxEmpty" id=5]

content_margin_left = -1.0
content_margin_right = -1.0
content_margin_top = -1.0
content_margin_bottom = -1.0

[sub_resource type="StyleBoxEmpty" id=6]

content_margin_left = -1.0
content_margin_right = -1.0
content_margin_top = -1.0
content_margin_bottom = -1.0

[sub_resource type="DynamicFont" id=7]

size = 18
use_mipmaps = false
use_filter = false
font_data = ExtResource( 3 )
_sections_unfolded = [ "Font", "Settings" ]

[sub_resource type="StyleBoxEmpty" id=8]

content_margin_left = -1.0
content_margin_right = -1.0
content_margin_top = -1.0
content_margin_bottom = -1.0

[sub_resource type="StyleBoxEmpty" id=9]

content_margin_left = -1.0
content_margin_right = -1.0
content_margin_top = -1.0
content_margin_bottom = -1.0

[sub_resource type="StyleBoxEmpty" id=10]

content_margin_left = -1.0
content_margin_right = -1.0
content_margin_top = -1.0
content_margin_bottom = -1.0

[sub_resource type="StyleBoxEmpty" id=11]

content_margin_left = -1.0
content_margin_right = -1.0
content_margin_top = -1.0
content_margin_bottom = -1.0

[sub_resource type="StyleBoxFlat" id=12]

content_margin_left = -1.0
content_margin_right = -1.0
content_margin_top = -1.0
content_margin_bottom = -1.0
bg_color = Color( 0, 0, 0, 1 )
draw_center = true
border_width_left = 1
border_width_top = 1
border_width_right = 1
border_width_bottom = 1
border_color = Color( 0.8, 0.8, 0.8, 1 )
border_blend = false
corner_radius_top_left = 0
corner_radius_top_right = 0
corner_radius_bottom_right = 0
corner_radius_bottom_left = 0
corner_detail = 8
expand_margin_left = 0.0
expand_margin_right = 0.0
expand_margin_top = 0.0
expand_margin_bottom = 0.0
shadow_color = Color( 0, 0, 0, 0.6 )
shadow_size = 0
anti_aliasing = true
anti_aliasing_size = 1

[node name="Title" type="Control" index="0"]

anchor_left = 0.0
anchor_top = 0.0
anchor_right = 1.0
anchor_bottom = 1.0
rect_pivot_offset = Vector2( 0, 0 )
rect_clip_content = false
mouse_filter = 0
mouse_default_cursor_shape = 0
size_flags_horizontal = 1
size_flags_vertical = 1
script = ExtResource( 1 )

[node name="BG" type="TextureRect" parent="." index="0"]

modulate = Color( 0.772549, 0.772549, 0.772549, 1 )
anchor_left = 0.0
anchor_top = 0.0
anchor_right = 1.0
anchor_bottom = 1.0
margin_left = -4.88391
margin_right = 294.116
margin_bottom = 50.0
rect_pivot_offset = Vector2( 0, 0 )
rect_clip_content = false
mouse_filter = 1
mouse_default_cursor_shape = 0
size_flags_horizontal = 1
size_flags_vertical = 1
texture = ExtResource( 2 )
stretch_mode = 0
_sections_unfolded = [ "Rect", "Visibility" ]

[node name="AnimationPlayer" type="AnimationPlayer" parent="BG" index="0"]

root_node = NodePath("..")
autoplay = "intro"
playback_process_mode = 1
playback_default_blend_time = 0.0
playback_speed = 1.0
anims/intro = SubResource( 1 )
blend_times = [  ]
_sections_unfolded = [ "Playback Options" ]

[node name="TitleText" type="Label" parent="." index="1"]

anchor_left = 0.0
anchor_top = 0.5
anchor_right = 1.0
anchor_bottom = 0.5
margin_top = -218.0
margin_bottom = -169.0
rect_pivot_offset = Vector2( 0, 0 )
rect_clip_content = false
mouse_filter = 2
mouse_default_cursor_shape = 0
size_flags_horizontal = 1
size_flags_vertical = 4
custom_fonts/font = SubResource( 2 )
custom_colors/font_color = Color( 0.403922, 0.862745, 0.980392, 1 )
custom_colors/font_color_shadow = Color( 0, 0, 0, 1 )
custom_constants/shadow_offset_x = 1
custom_constants/shadow_offset_y = 1
text = "Temple of Loot"
align = 1
percent_visible = 1.0
lines_skipped = 0
max_lines_visible = -1
_sections_unfolded = [ "Rect", "custom_colors", "custom_constants", "custom_fonts", "custom_styles" ]
__meta__ = {
"_edit_group_": true
}

[node name="BG" type="ColorRect" parent="TitleText" index="0"]

show_behind_parent = true
anchor_left = 0.0
anchor_top = 0.0
anchor_right = 0.0
anchor_bottom = 0.0
margin_left = -14.0
margin_right = 523.0
margin_bottom = 48.0
rect_pivot_offset = Vector2( 0, 0 )
rect_clip_content = false
mouse_filter = 0
mouse_default_cursor_shape = 0
size_flags_horizontal = 1
size_flags_vertical = 1
color = Color( 0, 0, 0, 0.588235 )
_sections_unfolded = [ "Rect", "Visibility" ]

[node name="Actions" type="VBoxContainer" parent="." index="2"]

anchor_left = 0.5
anchor_top = 0.5
anchor_right = 0.5
anchor_bottom = 0.5
margin_left = -75.0
margin_top = 119.0
margin_right = 93.0
margin_bottom = 194.0
rect_pivot_offset = Vector2( 0, 0 )
rect_clip_content = false
mouse_filter = 1
mouse_default_cursor_shape = 0
size_flags_horizontal = 0
size_flags_vertical = 1
alignment = 1
_sections_unfolded = [ "Visibility" ]
__meta__ = {
"_edit_group_": true
}

[node name="Start" type="Button" parent="Actions" index="0"]

anchor_left = 0.0
anchor_top = 0.0
anchor_right = 0.0
anchor_bottom = 0.0
margin_right = 168.0
margin_bottom = 35.0
rect_pivot_offset = Vector2( 0, 0 )
rect_clip_content = false
focus_mode = 2
mouse_filter = 0
mouse_default_cursor_shape = 0
size_flags_horizontal = 1
size_flags_vertical = 3
custom_styles/hover = SubResource( 3 )
custom_styles/pressed = SubResource( 4 )
custom_styles/focus = ExtResource( 4 )
custom_styles/disabled = SubResource( 5 )
custom_styles/normal = SubResource( 6 )
custom_fonts/font = SubResource( 7 )
toggle_mode = false
enabled_focus_mode = 2
shortcut = null
group = null
text = "Start"
flat = false
align = 1
_sections_unfolded = [ "Rect", "Theme", "custom_colors", "custom_fonts", "custom_styles" ]

[node name="StartBG" type="ColorRect" parent="Actions/Start" index="0"]

show_behind_parent = true
anchor_left = 0.0
anchor_top = 0.0
anchor_right = 1.0
anchor_bottom = 1.0
margin_left = 2.0
margin_top = 2.0
margin_right = -2.0
margin_bottom = -1.0
rect_pivot_offset = Vector2( 0, 0 )
rect_clip_content = false
mouse_filter = 2
mouse_default_cursor_shape = 0
size_flags_horizontal = 1
size_flags_vertical = 1
color = Color( 0, 0, 0, 0.588235 )
_sections_unfolded = [ "Rect", "Visibility" ]

[node name="Quit" type="Button" parent="Actions" index="1"]

anchor_left = 0.0
anchor_top = 0.0
anchor_right = 0.0
anchor_bottom = 0.0
margin_top = 39.0
margin_right = 168.0
margin_bottom = 75.0
rect_pivot_offset = Vector2( 0, 0 )
rect_clip_content = false
focus_mode = 2
mouse_filter = 0
mouse_default_cursor_shape = 0
size_flags_horizontal = 1
size_flags_vertical = 3
custom_styles/hover = SubResource( 8 )
custom_styles/pressed = SubResource( 9 )
custom_styles/focus = ExtResource( 4 )
custom_styles/disabled = SubResource( 10 )
custom_styles/normal = SubResource( 11 )
custom_fonts/font = SubResource( 7 )
toggle_mode = false
enabled_focus_mode = 2
shortcut = null
group = null
text = "Quit"
flat = false
align = 1
_sections_unfolded = [ "Rect", "custom_colors" ]

[node name="QuitBG" type="ColorRect" parent="Actions/Quit" index="0"]

show_behind_parent = true
anchor_left = 0.0
anchor_top = 0.0
anchor_right = 1.0
anchor_bottom = 1.0
margin_left = 2.0
margin_top = 2.0
margin_right = -2.0
margin_bottom = -2.0
rect_pivot_offset = Vector2( 0, 0 )
rect_clip_content = false
mouse_filter = 2
mouse_default_cursor_shape = 0
size_flags_horizontal = 1
size_flags_vertical = 1
color = Color( 0, 0, 0, 0.588235 )
_sections_unfolded = [ "Rect", "Visibility" ]

[node name="Label" type="Label" parent="." index="3"]

anchor_left = 0.0
anchor_top = 0.0
anchor_right = 0.0
anchor_bottom = 0.0
margin_left = 235.0
margin_top = 545.0
margin_right = 493.0
margin_bottom = 559.0
rect_pivot_offset = Vector2( 0, 0 )
rect_clip_content = false
mouse_filter = 2
mouse_default_cursor_shape = 0
size_flags_horizontal = 1
size_flags_vertical = 4
custom_colors/font_color = Color( 0.796875, 0.796875, 0.796875, 1 )
text = "A game made for GodotJam June 2018"
align = 2
percent_visible = 1.0
lines_skipped = 0
max_lines_visible = -1
_sections_unfolded = [ "custom_colors" ]

[node name="Credits" type="LinkButton" parent="." index="4"]

anchor_left = 0.0
anchor_top = 1.0
anchor_right = 1.0
anchor_bottom = 1.0
margin_left = 282.0
margin_top = -33.0
margin_right = -20.0
margin_bottom = -19.0
rect_pivot_offset = Vector2( 0, 0 )
rect_clip_content = false
mouse_filter = 0
mouse_default_cursor_shape = 2
size_flags_horizontal = 1
size_flags_vertical = 1
custom_colors/font_color = Color( 0.605469, 1, 0.953766, 1 )
custom_colors/font_color_hover = Color( 1, 0.936554, 0.261719, 1 )
toggle_mode = false
enabled_focus_mode = 0
shortcut = null
group = null
text = "@2018 The Temple of Loot Team"
_sections_unfolded = [ "custom_colors" ]

[node name="menutrack" type="AudioStreamPlayer" parent="." index="5"]

stream = ExtResource( 5 )
volume_db = 0.0
pitch_scale = 1.0
autoplay = true
mix_target = 0
bus = "Master"

[node name="CreditsPanel" type="PanelContainer" parent="." index="6"]

visible = false
anchor_left = 0.0
anchor_top = 0.0
anchor_right = 0.0
anchor_bottom = 0.0
margin_left = 15.0
margin_top = 120.0
margin_right = 463.0
margin_bottom = 386.0
rect_pivot_offset = Vector2( 0, 0 )
rect_clip_content = false
mouse_filter = 0
mouse_default_cursor_shape = 0
size_flags_horizontal = 1
size_flags_vertical = 1
custom_styles/panel = SubResource( 12 )
_sections_unfolded = [ "custom_styles" ]

[node name="RichTextLabel" type="RichTextLabel" parent="CreditsPanel" index="0"]

anchor_left = 0.0
anchor_top = 0.0
anchor_right = 0.0
anchor_bottom = 0.0
margin_left = 1.0
margin_top = 1.0
margin_right = 447.0
margin_bottom = 265.0
rect_pivot_offset = Vector2( 0, 0 )
rect_clip_content = true
mouse_filter = 0
mouse_default_cursor_shape = 0
size_flags_horizontal = 1
size_flags_vertical = 1
bbcode_enabled = true
bbcode_text = "


[center]THE TEMPLE OF LOOT TEAM:

Ian Williams (YeOldeDM) - Lead Design & Programming

Cory Petkovsek (TinmanJuggernaut) - Design, Art & Programming

Magnus (merlin) - Sound/Music Design & Programming

Alexandre Badalo (alex9099) - Networking & Programming

Robin Kunimune (Wendigod) - Testing

[/center]"
visible_characters = -1
percent_visible = 1.0
meta_underlined = true
tab_size = 4
text = "


THE TEMPLE OF LOOT TEAM:

Ian Williams (YeOldeDM) - Lead Design & Programming

Cory Petkovsek (TinmanJuggernaut) - Design, Art & Programming

Magnus (Merlin) - Sound/Music Design & Programming

Alexandre Badalo (alex9099) - Networking & Programming

Robin Kunimune (Wendigod) - Testing

"
scroll_active = true
scroll_following = false
selection_enabled = false
override_selected_font_color = false
_sections_unfolded = [ "BBCode" ]

[connection signal="pressed" from="Actions/Start" to="." method="_on_Start_pressed"]

[connection signal="pressed" from="Actions/Quit" to="." method="_on_Quit_pressed"]

[connection signal="pressed" from="Credits" to="." method="_on_Credits_pressed"]


