[gd_scene load_steps=8 format=2]

[ext_resource path="res://scenes/tilesets/tileset_inca_back.tres" type="TileSet" id=1]
[ext_resource path="res://scenes/tilesets/tileset_inca_front.tres" type="TileSet" id=2]
[ext_resource path="res://assets/fonts/Treasure Island.TTF" type="DynamicFontData" id=3]
[ext_resource path="res://scripts/WinTrigger.gd" type="Script" id=4]
[ext_resource path="res://scenes/enemies/Wasp.tscn" type="PackedScene" id=5]

[sub_resource type="DynamicFont" id=1]

size = 40
use_mipmaps = false
use_filter = false
font_data = ExtResource( 3 )
_sections_unfolded = [ "Font", "Settings" ]

[sub_resource type="RectangleShape2D" id=2]

custom_solver_bias = 0.0
extents = Vector2( 126, 10 )

[node name="Cap" type="Node2D" index="0"]

[node name="Background" type="TileMap" parent="." index="0"]

mode = 0
tile_set = ExtResource( 1 )
cell_size = Vector2( 32, 32 )
cell_quadrant_size = 16
cell_custom_transform = Transform2D( 1, 0, 0, 1, 0, 0 )
cell_half_offset = 2
cell_tile_origin = 0
cell_y_sort = false
cell_clip_uv = false
collision_use_kinematic = false
collision_friction = 1.0
collision_bounce = 0.0
collision_layer = 1
collision_mask = 1
occluder_light_mask = 1
format = 1
tile_data = PoolIntArray( 327683, 1, 0, 327692, 1, 0, 393219, 1, 0, 393220, 1, 0, 393221, 0, 0, 393222, 1, 0, 393223, 20, 0, 393224, 21, 0, 393225, 1, 0, 393226, 0, 0, 393227, 1, 0, 393228, 1, 0, 917505, 11, 0, 917518, 11, 0 )
_sections_unfolded = [ "Cell" ]

[node name="Map" type="TileMap" parent="." index="1"]

mode = 0
tile_set = ExtResource( 2 )
cell_size = Vector2( 32, 32 )
cell_quadrant_size = 16
cell_custom_transform = Transform2D( 1, 0, 0, 1, 0, 0 )
cell_half_offset = 2
cell_tile_origin = 0
cell_y_sort = false
cell_clip_uv = false
collision_use_kinematic = false
collision_friction = 1.0
collision_bounce = 0.0
collision_layer = 1
collision_mask = 1
occluder_light_mask = 1
format = 1
tile_data = PoolIntArray( -327680, 4, 0, -327679, 4, 0, -327678, 4, 0, -327677, 4, 0, -327676, 4, 0, -327675, 4, 0, -327674, 4, 0, -327673, 4, 0, -327672, 4, 0, -327671, 4, 0, -327670, 4, 0, -327669, 4, 0, -327668, 4, 0, -327667, 4, 0, -327666, 4, 0, -327665, 4, 0, -262144, 4, 0, -262129, 4, 0, -196608, 4, 0, -196593, 4, 0, -131072, 4, 0, -131057, 4, 0, -65536, 4, 0, -65521, 4, 0, 0, 4, 0, 15, 4, 0, 65536, 4, 0, 65551, 4, 0, 131072, 4, 0, 131087, 4, 0, 196608, 4, 0, 196623, 4, 0, 262144, 4, 0, 262159, 4, 0, 327680, 4, 0, 327684, 13, 0, 327685, 13, 0, 327686, 13, 0, 327687, 13, 0, 327688, 13, 0, 327689, 13, 0, 327690, 13, 0, 327691, 13, 0, 327695, 4, 0, 393216, 4, 0, 393231, 4, 0, 458752, 4, 0, 458767, 4, 0, 524288, 4, 0, 524303, 4, 0, 589824, 4, 0, 589839, 4, 0, 655360, 4, 0, 655375, 4, 0, 720896, 4, 0, 720911, 4, 0, 786432, 4, 0, 786447, 4, 0, 851968, 4, 0, 851983, 4, 0, 917504, 4, 0, 917519, 4, 0, 983040, 4, 0, 983041, 4, 0, 983054, 4, 0, 983055, 4, 0 )
_sections_unfolded = [ "Cell" ]
__meta__ = {
"_edit_lock_": true
}

[node name="Label" type="Label" parent="." index="2"]

anchor_left = 0.0
anchor_top = 0.0
anchor_right = 0.0
anchor_bottom = 0.0
margin_left = 178.0
margin_top = 83.0
margin_right = 330.0
margin_bottom = 123.0
rect_pivot_offset = Vector2( 0, 0 )
rect_clip_content = false
mouse_filter = 2
mouse_default_cursor_shape = 0
size_flags_horizontal = 1
size_flags_vertical = 4
custom_fonts/font = SubResource( 1 )
custom_colors/font_color = Color( 0.403922, 0.858824, 0.976471, 1 )
text = "The End!"
align = 1
percent_visible = 1.0
lines_skipped = 0
max_lines_visible = -1
_sections_unfolded = [ "custom_colors", "custom_fonts" ]

[node name="WinTrigger" type="Area2D" parent="." index="3"]

position = Vector2( 256.073, 149.636 )
input_pickable = true
gravity_vec = Vector2( 0, 1 )
gravity = 98.0
linear_damp = 0.1
angular_damp = 1.0
audio_bus_override = false
audio_bus_name = "Master"
script = ExtResource( 4 )
__meta__ = {
"_edit_group_": true
}

[node name="CollisionShape2D" type="CollisionShape2D" parent="WinTrigger" index="0"]

shape = SubResource( 2 )
_sections_unfolded = [ "Transform" ]

[node name="Wasp" parent="." index="4" instance=ExtResource( 5 )]

position = Vector2( 439.388, 329.293 )
SPEED = 90

[node name="Wasp2" parent="." index="5" instance=ExtResource( 5 )]

position = Vector2( 71.7666, 236.053 )
SPEED = 90

[connection signal="body_entered" from="WinTrigger" to="WinTrigger" method="_on_WinTrigger_body_entered"]


