[gd_scene load_steps=6 format=2]

[ext_resource path="res://scenes/tilesets/tileset_inca_back.tres" type="TileSet" id=1]
[ext_resource path="res://scenes/tilesets/tileset_inca_front.tres" type="TileSet" id=2]
[ext_resource path="res://scenes/pickups/Pickup_Gem_Blue.tscn" type="PackedScene" id=3]
[ext_resource path="res://scenes/Spikes.tscn" type="PackedScene" id=4]
[ext_resource path="res://scenes/pickups/Pickup_Gem_Green.tscn" type="PackedScene" id=5]

[node name="Level1" type="Node2D"]

[node name="Background" type="TileMap" parent="." index="0"]

mode = 0
tile_set = ExtResource( 1 )
cell_size = Vector2( 32, 32 )
cell_quadrant_size = 16
cell_custom_transform = Transform2D( 1, 0, 0, 1, 0, 0 )
cell_half_offset = 2
cell_tile_origin = 0
cell_y_sort = false
cell_clip_uv = false
collision_use_kinematic = false
collision_friction = 1.0
collision_bounce = 0.0
collision_layer = 1
collision_mask = 1
occluder_light_mask = 1
format = 1
tile_data = PoolIntArray( 65548, 20, 0, 65549, 18, 0, 65550, 21, 0, 524289, 28, 0, 589825, 28, 0, 720895, 28, 0, 917505, 9, 0, 917506, 9, 0 )
_sections_unfolded = [ "Cell" ]

[node name="Map" type="TileMap" parent="." index="1"]

mode = 0
tile_set = ExtResource( 2 )
cell_size = Vector2( 32, 32 )
cell_quadrant_size = 16
cell_custom_transform = Transform2D( 1, 0, 0, 1, 0, 0 )
cell_half_offset = 2
cell_tile_origin = 0
cell_y_sort = false
cell_clip_uv = false
collision_use_kinematic = false
collision_friction = 1.0
collision_bounce = 0.0
collision_layer = 1
collision_mask = 1
occluder_light_mask = 1
format = 1
tile_data = PoolIntArray( 0, 4, 0, 11, 4, 0, 12, 4, 0, 13, 4, 0, 14, 4, 0, 15, 4, 0, 65536, 4, 0, 65551, 4, 0, 131072, 4, 0, 131087, 4, 0, 196608, 4, 0, 196613, 6, 0, 196623, 4, 0, 262144, 4, 0, 262149, 4, 0, 262159, 4, 0, 327680, 4, 0, 327685, 4, 0, 327695, 4, 0, 393216, 4, 0, 393221, 4, 0, 393231, 4, 0, 458752, 4, 0, 458757, 4, 0, 458767, 4, 0, 524288, 4, 0, 524293, 6, 0, 524303, 4, 0, 589824, 4, 0, 589834, 6, 0, 589839, 4, 0, 655360, 4, 0, 655370, 4, 0, 655375, 4, 0, 720896, 4, 0, 720906, 4, 0, 720911, 4, 0, 786432, 4, 0, 786442, 4, 0, 786447, 4, 0, 851968, 4, 0, 851978, 4, 0, 851983, 4, 0, 917504, 4, 0, 917514, 6, 0, 917519, 4, 0, 983040, 4, 0, 983041, 4, 0, 983042, 4, 0, 983043, 4, 0, 983044, 4, 0, 983055, 4, 0 )
_sections_unfolded = [ "Cell" ]
__meta__ = {
"_edit_lock_": true
}

[node name="Gem Blue3" parent="." index="2" instance=ExtResource( 3 )]

position = Vector2( 300.796, 336.4 )
point_value = 50

[node name="Gem Blue4" parent="." index="3" instance=ExtResource( 3 )]

position = Vector2( 302.023, 367.094 )
point_value = 50

[node name="Spikes" parent="." index="4" instance=ExtResource( 4 )]

position = Vector2( 352, 288 )

[node name="Spikes2" parent="." index="5" instance=ExtResource( 4 )]

position = Vector2( 352, 320 )

[node name="Spikes3" parent="." index="6" instance=ExtResource( 4 )]

position = Vector2( 352, 352 )

[node name="Spikes4" parent="." index="7" instance=ExtResource( 4 )]

position = Vector2( 352, 384 )

[node name="Spikes5" parent="." index="8" instance=ExtResource( 4 )]

position = Vector2( 352, 416 )

[node name="Spikes6" parent="." index="9" instance=ExtResource( 4 )]

position = Vector2( 352, 448 )

[node name="Spikes7" parent="." index="10" instance=ExtResource( 4 )]

position = Vector2( 161, 128 )
rotation = 3.14159

[node name="Spikes8" parent="." index="11" instance=ExtResource( 4 )]

position = Vector2( 161, 160 )
rotation = 3.14159

[node name="Spikes9" parent="." index="12" instance=ExtResource( 4 )]

position = Vector2( 161, 192 )
rotation = 3.14159

[node name="Spikes10" parent="." index="13" instance=ExtResource( 4 )]

position = Vector2( 161, 224 )
rotation = 3.14159

[node name="Spikes11" parent="." index="14" instance=ExtResource( 4 )]

position = Vector2( 161, 256 )
rotation = 3.14159

[node name="Spikes12" parent="." index="15" instance=ExtResource( 4 )]

position = Vector2( 161, 288 )
rotation = 3.14159

[node name="Gem Green" parent="." index="16" instance=ExtResource( 5 )]

position = Vector2( 222, 132 )

[node name="Gem Green2" parent="." index="17" instance=ExtResource( 5 )]

position = Vector2( 222, 162 )


